@Misc{docs:scapy,
	author = {Dirk Loss},
	title = {Introduction},
	howpublished = {\url{https://scapy.readthedocs.io/en/latest/introduction.html}},
	note = {[2.11.2018]}
}

@Misc{web:scapy,
	author = {Philippe Biondi},
	title = {About Scapy},
	howpublished = {\url{https://scapy.net}},
	note ={[2.11.2018]}
}

@Misc{web:raw_socket,
	author = {"Yusuf},
	title = {Raw socket, Packet socket and Zero copy networking in Linux},
	howpublished = {\url{https://yusufonlinux.blogspot.com/2010/11/data-link-access-and-zero-copy.html}},
	note = {[4.11.2018]},
}

@Misc{web:redhat:rss,
	author = {RedHat},
	title = {RECEIVE-SIDE SCALING (RSS)},
	howpublished = {\url{https://access.redhat.com/documentation/en-us/red_hat_enterprise_linux/6/html/performance_tuning_guide/network-rss}},
	note = {[19.11.2018]},
}

@Misc{docs:pfring:rss,
	author = {ntop},
	title = {RSS (Receive Side Scaling)},
	howpublished = {\url{https://www.ntop.org/guides/pf_ring/rss.html}},
	note = {[20.11.2018]},
}

@Misc{web:pfring:vanilla,
	author = {ntop},
	title = {Vanilla PF RING},
	howpublished = {\url{https://www.ntop.org/products/packet-capture/pf_ring/}},
	note = {[20.11.2018]},
}

@Misc{web:pfring:zero,
	author = {ntop},
	title = {PF RING ZC (Zero Copy)},
	howpublished = {\url{https://www.ntop.org/products/packet-capture/pf_ring/pf_ring-zc-zero-copy/}},
	note = {[20.11.2018]},
}

@Misc{docs:pfring:vanilla,
	author = {ntop},
	title = {Vanilla PF RING},
	howpublished = {\url{https://www.ntop.org/guides/pf_ring/vanilla.html#}},
	note = {[20.11.2018]},
}

@Misc{docs:pfring:zero,
	author = {ntop},
	title = {PF RING ZC (Zero Copy)},
	howpublished = {\url{https://www.ntop.org/guides/pf_ring/zc.html}},
	note = {[20.11.2018]},
}

@Misc{docs:pfring:libpcap,
	author = {ntop},
	title = {Libpfring and Libpcap Installation},
	howpublished = {\url{https://www.ntop.org/guides/pf_ring/get_started/git_installation.html?highlight=libpcap#libpfring-and-libpcap-installation}},
	note = {[21.11.2018]},
}

@Misc{video:netmap,
	author = {Luigi Rizzo},
	title = {netmap: A Novel Framework for Fast Packet I/O},
	howpublished = {\url{https://www.youtube.com/watch?v=la5kzNhqhGs}},
	month = {July},
	year = {2012},
	note = {USENIX conference presentation [24.11.2018]}
}


@Misc{web:linux:napi,
	author = {corber},
	title = {NAPI},
	year = {2003},
	month = {April},
	howpublished = {\url{https://lwn.net/Articles/30107/}},
	note = {[21.11.2018]},
}

@Misc{git:libpcap0.9:changes,
author = {The tcpdump group},
title = {Summary for 0.9.5 release},
howpublished = {\url{https://github.com/the-tcpdump-group/libpcap/blob/libpcap-0.9.5/CHANGES}},
note = {[19.11.2018]}
}

@Misc{git:libpcap0.6:changes,
author = {The tcpdump group},
title = {Summary for 0.6 release},
howpublished = {\url{https://github.com/the-tcpdump-group/libpcap/blob/libpcap-0.6.1/CHANGES}},
note = {[19.11.2018]}
}

@Misc{web:libraries:ldpath,
title = {3.3. Environment Variables},
howpublished = {\url{http://tldp.org/HOWTO/Program-Library-HOWTO/shared-libraries.html}},
note = {[27.11.2018]}
}

@Misc{docs:elastic:terms,
author = {elastic},
title = {Basic Concepts},
howpublished = {\url{https://www.elastic.co/guide/en/elasticsearch/reference/current/_basic_concepts.html}},
note = {[30.11.2018]},
}

@Misc{docs:elastic:bulk,
author = {elastic},
title = {Introduction to Redis},
howpublished = {\url{https://www.elastic.co/guide/en/logstash/current/plugins-outputs-elasticsearch.html}},
note = {[30.11.2018]},
}

@Misc{docs:redis,
author = {redis},
title = {Elasticseach output plugin},
howpublished = {\url{https://redis.io/topics/introduction}},
note = {[30.11.2018]},
}

@Misc{web:osfinger,
author = {Chris Sanders},
title = {Operating System Fingerprinting with Packets (Part 1)},
month = {August},
year = {2011},
howpublished = {\url{http://techgenix.com/operating-system-fingerprinting-packets-part1/}},
note = {[1.11.2018]},
}

@Misc{web:ssh,
author = {vivek},
title = {Traffic analysis of Secure Shell (SSH)},
month = {July},
year = {2017},
howpublished = {\url{https://www.trisul.org/blog/analysing-ssh/post.html}},
note = {[2.11.2018]},
}

@Misc{git:benchmark:json,
author = {Milo Yip},
title = {Native JSON Benchmark},
year = {2016},
howpublished = {\url{https://github.com/miloyip/nativejson-benchmark/blob/master/README.md}},
note = {[4.11.2018]},
}

@Article{article:libpcap,
author = {Luis Martin Garcia},
title = {Programming with Libpcap - Sniffing the Network From Our Own Application},
journal = {HAKING},
year = {2008},
volume = {3},
number = {2},
pages = {39-46},
month = {February},
note = {\url{http://recursos.aldabaknocking.com/libpcapHakin9LuisMartinGarcia.pdf} [20.11.2018]}
}

@TechReport{report:libpcap,
author = {Nicola Bonelli et. al.},
title = {Enabling Packet Fan-Out in the libpcap Library for Parallel Traffic Processing},
institution = {Universita di Pisa and CNIT},
note = {\url{http://dl.ifip.org/db/conf/tma/tma2017/tma2017_paper65.pdf} [20.11.2018]}
}

@TechReport{report:netmap,
author = {Luigi Rizzo},
title = {netmap: a novel framework for fast packet I/O},
institution = {Universita di Pisa},
note = {\url{https://www.usenix.org/system/files/conference/atc12/atc12-final186.pdf} [17.11.2018]}
}

@TechReport{presentation:socket,
author = {Rami Rosen},
title = {Sockets in the kernel},
institution = {Haifux},
year = {2009},
note = {\url{http://haifux.org/lectures/217/netLec5.pdf} [5.11.2018]}
}

@Manual{man:socket,
title = {SOCKET(2) Linux Programmer's Manual},
month = {September},
year = {2017},
OPTnote = {\url{http://man7.org/linux/man-pages/man2/socket.2.html} [6.11.2018]}
}


@Manual{man:packet,
title = {PACKET(7) Linux Programmer's Manual},
month = {September},
year = {2017},
note = {\url{http://man7.org/linux/man-pages/man7/packet.7.html} [6.11.2018]}
}

@Manual{man:pcap,
title = {Manpage of PCAP},
month = {July},
year = {2018},
note = {\url{https://www.tcpdump.org/manpages/pcap.3pcap.html} [18.03.2019]}
}

@Manual{man:ipv6,
title = {Generic Packet Tunneling in IPv6},
key = {IPv6 Encapsulation},
month = {December},
year = {1998},
note = {\url{https://tools.ietf.org/html/rfc2473} [25.04.2019]}
}

@thesis{thesis:muni,
author = {Jozef Zuzelka},
title = {Network traffic capturing with application tags},
type = {Bachelor's thesis},
institution = {Brno university of technology},
year = {2017},
note = {\url{https://www.vutbr.cz/www_base/zav_prace_soubor_verejne.php?file_id=159387} [12.11.2018]}
}
